<?xml version="1.0" encoding="UTF-8"?><record xmlns="http://www.loc.gov/MARC21/slim" xmlns:cinclude="http://apache.org/cocoon/include/1.0" xmlns:zs="http://www.loc.gov/zing/srw/">
  <leader>00644cz  a2200181n  4500</leader>
  <controlfield tag="001">nr 99005121 </controlfield>
  <controlfield tag="003">DLC</controlfield>
  <controlfield tag="005">20081026082647.0</controlfield>
  <controlfield tag="008">990212n| acannaabn          |b aac      </controlfield>
  <datafield tag="010" ind1=" " ind2=" ">
    <subfield code="a">nr 99005121 </subfield>
  </datafield>
  <datafield tag="035" ind1=" " ind2=" ">
    <subfield code="a">(OCoLC)oca04921248</subfield>
  </datafield>
  <datafield tag="040" ind1=" " ind2=" ">
    <subfield code="a">DLC-R</subfield>
    <subfield code="b">eng</subfield>
    <subfield code="c">DLC-R</subfield>
    <subfield code="d">OCoLC</subfield>
  </datafield>
  <datafield tag="100" ind1="1" ind2=" ">
    <subfield code="a">Matsumoto, Takeharu</subfield>
  </datafield>
  <datafield tag="400" ind1="1" ind2=" ">
    <subfield code="a">松本武治</subfield>
  </datafield>
  <datafield tag="667" ind1=" " ind2=" ">
    <subfield code="a">Machine-derived non-Latin script reference project.</subfield>
  </datafield>
  <datafield tag="667" ind1=" " ind2=" ">
    <subfield code="a">Non-Latin script reference not evaluated.</subfield>
  </datafield>
  <datafield tag="670" ind1=" " ind2=" ">
    <subfield code="a">Jihen-dokuhon, 1938:</subfield>
    <subfield code="b">t.p. (Matsumoto Takeharu) colophon (res. Nara-ken Shiki-gun Oda-mura; kanshūsha of the work)</subfield>
  </datafield>
  <datafield tag="675" ind1=" " ind2=" ">
    <subfield code="a">Jinji kōshinroku, 1943;</subfield>
    <subfield code="a">Nihon jinmeisen, 1938.</subfield>
  </datafield>
</record>